/Users/solli/Documents/bib/Thesis.bib